% Examples from https://verbosus.com/bibtex-style-examples.html
@BOOK{neiron1,
	author = {Аггарвал Чару},
	title = {Нейронные сети и глубокое обучение. Учебный курс},
	year = {2020},
	publisher = {Вильямс, Москва},
	pagetotal = {744},
	hyphenation     = {russian}
}

@BOOK{neiron2,
	author = {Каниа Кан},
	title = {Нейронные сети. Эволюция},
	year = {2018},
	publisher = {Литрес, Москва},
	pagetotal = {380},
	hyphenation     = {russian}
}

@Online{cit1,
  title= {ML.NET часть 2 —распознавание рукописных чисел},
  url =          {https://flash2048.com/post/ml-net-2},
  urldate =      {2020-18-12},
  hyphenation =     {russian}
}

@ARTICLE{otzu,
	author={N. {Otsu}},
	journal={IEEE Transactions on Systems, Man, and Cybernetics}, 
	title={A Threshold Selection Method from Gray-Level Histograms}, 
	year={1979},
	volume={9},
	number={1},
	pages={62-66},
	doi={10.1109/TSMC.1979.4310076}}

@article{kim,
	author={Kim, Gyeonghwan and Govindaraju, Venu and Srihari, Sargur N.},
	title={An architecture for handwritten text recognition systems},
	journal={International Journal on Document Analysis and Recognition},
	year={1999},
	pages={37-44},
	editor={Watson B.W., Kuznetsov S.O.},
	hyphenation     = {english}
}

@article{kak,
	author = {Plamondon, Réjean},
	year = {2000},
	month = {01},
	pages = {63-84},
	title = {On-line and off-line handwriting recognition: a comprehensive survey. IEEE Trans Pattern Anal Mach Intell (T-PAMI)},
	volume = {22},
	journal = {IEEE Trans. Pattern Anal. Mach. Intell.},
	doi = {10.1109/34.824821}
}

@article{Yosef2009LineSF,
	title={Line Segmentation for Degraded Handwritten Historical Documents},
	author={Itay Bar Yosef and Nate Hagbi and K. Kedem and I. Dinstein},
	journal={2009 10th International Conference on Document Analysis and Recognition},
	year={2009},
	pages={1161-1165}
}

@article{li,
	author = {Li, Yi and Zheng, Yefeng and Doermann, David and Jaeger, Stefan},
	year = {2008},
	month = {09},
	pages = {1313 - 1329},
	title = {Script-Independent Text Line Segmentation in Freestyle Handwritten Documents},
	volume = {30(8)},
	journal = {Pattern Analysis and Machine Intelligence, IEEE Transactions on},
	doi = {10.1109/TPAMI.2007.70792}
}

